<record><leader>00000cas a2200000   4500</leader><controlfield tag="001">5119839</controlfield><controlfield tag="008">790629c19uu9999nhuwr ne      0   a0eng d</controlfield><datafield ind1=" " ind2=" " tag="010"><subfield code="a">sn 79003205 </subfield></datafield><datafield ind1=" " ind2=" " tag="040"><subfield code="a">NSD</subfield><subfield code="b">eng</subfield><subfield code="c">NSD</subfield><subfield code="d">OCL</subfield><subfield code="d">OCLCQ</subfield><subfield code="d">CUS</subfield></datafield><datafield ind1=" " ind2=" " tag="012"><subfield code="k">1</subfield><subfield code="m">0</subfield></datafield><datafield ind1="1" ind2=" " tag="022"><subfield code="a">0192-8597</subfield><subfield code="l">0192-8597</subfield><subfield code="2">1</subfield></datafield><datafield ind1=" " ind2=" " tag="042"><subfield code="a">nsdp</subfield></datafield><datafield ind1=" " ind2="4" tag="050"><subfield code="a">AN</subfield></datafield><datafield ind1=" " ind2="0" tag="222"><subfield code="a">1590 broadcaster</subfield></datafield><datafield ind1="0" ind2="0" tag="245"><subfield code="a">1590 broadcaster.</subfield></datafield><datafield ind1="3" ind2=" " tag="246"><subfield code="a">One thousand five hundred and ninety broadcaster</subfield></datafield><datafield ind1=" " ind2=" " tag="260"><subfield code="a">[Nashua, N.H.,</subfield><subfield code="b">1590 Broadcasting Corp.]</subfield></datafield><datafield ind1=" " ind2="0" tag="651"><subfield code="a">Nashua (N.H.)</subfield><subfield code="v">Newspapers.</subfield></datafield><datafield ind1=" " ind2="0" tag="651"><subfield code="a">Hillsborough County (N.H.)</subfield><subfield code="v">Newspapers.</subfield></datafield><datafield ind1=" " ind2="7" tag="651"><subfield code="a">New Hampshire</subfield><subfield code="z">Hillsborough County.</subfield><subfield code="2">fast</subfield><subfield code="0">(OCoLC)fst01212003</subfield></datafield><datafield ind1=" " ind2=" " tag="752"><subfield code="a">United States</subfield><subfield code="b">New Hampshire</subfield><subfield code="c">Hillsborough County (N.H.)</subfield><subfield code="d">Nashua</subfield></datafield><datafield ind1="4" ind2="1" tag="856"><subfield code="u">http://infoweb.newsbank.com/?db=NEWSBANK&amp;version=phase2=yes&amp;s%5Fsources=location&amp;s%5Fplace=BCTB</subfield></datafield><datafield ind1=" " ind2=" " tag="936"><subfield code="a">Apr. 11, 1979</subfield></datafield></record>